@inproceedings{chandrashekhar2020teacher,
  title={Teacher perception of Olabs pedagogy},
  author={Chandrashekhar, Pantina and Prabhakaran, Malini and Gutjahr, Georg and Raman, Raghu and Nedungadi, Prema},
  booktitle={Fourth International Congress on Information and Communication Technology: ICICT 2019, London, Volume 2},
  pages={419--426},
  year={2020},
  organization={Springer}
}
@article{thompson2011khan,
  title={How Khan Academy is changing the rules of education},
  author={Thompson, Clive},
  journal={Wired magazine},
  volume={126},
  pages={1--5},
  year={2011}
}
@article{perkins2006phet,
  title={PhET: Interactive simulations for teaching and learning physics},
  author={Perkins, Katherine and Adams, Wendy and Dubson, Michael and Finkelstein, Noah and Reid, Sam and Wieman, Carl and LeMaster, Ron},
  journal={The physics teacher},
  volume={44},
  number={1},
  pages={18--23},
  year={2006},
  publisher={American Association of Physics Teachers}
}
@book{faas2017introduction,
  title={An introduction to HTML5 game development with Phaser. js},
  author={Faas, Travis},
  year={2017},
  publisher={AK Peters/CRC Press}
}
